<collection xmlns="http://www.loc.gov/MARC21/slim"><record><leader>00644nam  2200205   450</leader><controlfield tag="001">7</controlfield><controlfield tag="003">http://montalegre.opacnet.com/OPAC/default.aspx?ContentAreaControl=ShowRegHoldings.ascx&amp;RegNo=16662</controlfield><datafield tag="095" ind1=" " ind2=" "><subfield code="a">PTBN00037341</subfield></datafield><datafield tag="100" ind1=" " ind2=" "><subfield code="a">20061013d1982    m  y0pora010305  ba</subfield></datafield><datafield tag="101" ind1="1" ind2=" "><subfield code="a">por</subfield><subfield code="c">spa</subfield></datafield><datafield tag="102" ind1=" " ind2=" "><subfield code="a">PT</subfield></datafield><datafield tag="200" ind1="1" ind2=" "><subfield code="a">Crimes exemplares</subfield><subfield code="f">Max Aub</subfield><subfield code="g">trad. Abel Prazer</subfield></datafield><datafield tag="210" ind1=" " ind2=" "><subfield code="a">Lisboa</subfield><subfield code="c">Antígona</subfield><subfield code="d">1982</subfield></datafield><datafield tag="215" ind1=" " ind2=" "><subfield code="a">98, [5] p.</subfield><subfield code="d">21 cm</subfield></datafield><datafield tag="304" ind1=" " ind2=" "><subfield code="a">Tít. orig. Crimens ejemplares</subfield></datafield><datafield tag="675" ind1=" " ind2=" "><subfield code="a">821</subfield><subfield code="z">por</subfield></datafield><datafield tag="700" ind1=" " ind2="1"><subfield code="a">Aub</subfield><subfield code="b">Max</subfield><subfield code="f">1903-1972</subfield></datafield><datafield tag="702" ind1=" " ind2="1"><subfield code="a">Prazer</subfield><subfield code="b">Abel</subfield><subfield code="4">730</subfield></datafield><datafield tag="801" ind1=" " ind2="0"><subfield code="a">PT</subfield><subfield code="b">Biblioteca Municipal de Montalegre</subfield><subfield code="g">RPC</subfield></datafield><datafield tag="856" ind1=" " ind2=" "><subfield code="u">locateMedia.asp?cod=20060503154152&amp;ext=jpg</subfield><subfield code="z">CAPA</subfield></datafield><datafield tag="909" ind1="&#9;" ind2=" "><subfield code="a">1</subfield></datafield><datafield tag="966" ind1=" " ind2=" "><subfield code="a">0008040</subfield><subfield code="l">BMM</subfield><subfield code="s">SCG 821 AUB cri</subfield></datafield></record></collection>